@book{terasvirta2010modelling,
  title={Modelling nonlinear economic time series},
  author={Ter{\"a}svirta, Timo and Tj{\o}stheim, Dag and Granger, Clive William John and others},
  year={2010},
  publisher={Oxford University Press Oxford}
}

@article{dong2016estimation,
  title={Estimation for single-index and partially linear single-index integrated models},
  author={Dong, Chaohua and Gao, Jiti and Tj{\o}stheim, Dag and others},
  journal={The Annals of Statistics},
  volume={44},
  number={1},
  pages={425--453},
  year={2016},
  publisher={Institute of Mathematical Statistics}
}

@article{liang2005partially,
  title={Partially linear single-index measurement error models},
  author={Liang, Hua and Wang, Naisyin},
  journal={Statistica Sinica},
  pages={99--116},
  year={2005},
  publisher={JSTOR}
}

@book{ruppert2003semiparametric,
  title={Semiparametric regression},
  author={Ruppert, David and Wand, Matt P and Carroll, Raymond J},
  number={12},
  year={2003},
  publisher={Cambridge university press}
}

@article{chen1988convergence,
  title={Convergence rates for parametric components in a partly linear model},
  author={Chen, Hung and others},
  journal={The Annals of Statistics},
  volume={16},
  number={1},
  pages={136--146},
  year={1988},
  publisher={Institute of Mathematical Statistics}
}

@book{gao2007nonlinear,
  title={Nonlinear time series: semiparametric and nonparametric methods},
  author={Gao, Jiti},
  year={2007},
  publisher={CRC Press}
}

@article{wang2010estimation,
  title={Estimation for a partial-linear single-index model},
  author={Wang, Jane-Ling and Xue, Liugen and Zhu, Lixing and Chong, Yun Sam and others},
  journal={The Annals of statistics},
  volume={38},
  number={1},
  pages={246--274},
  year={2010},
  publisher={Institute of Mathematical Statistics}
}

@article{carroll1997generalized,
  title={Generalized partially linear single-index models},
  author={Carroll, Raymond J and Fan, Jianqing and Gijbels, Irene and Wand, Matt P},
  journal={Journal of the American Statistical Association},
  volume={92},
  number={438},
  pages={477--489},
  year={1997},
  publisher={Taylor \& Francis Group}
}

@article{xia2006semi,
  title={Semi-parametric estimation of partially linear single-index models},
  author={Xia, Yingcun and H{\"a}rdle, Wolfgang},
  journal={Journal of Multivariate Analysis},
  volume={97},
  number={5},
  pages={1162--1184},
  year={2006},
  publisher={Elsevier}
}

@article{stute2005nonparametric,
  title={Nonparametric checks for single-index models},
  author={Stute, Winfried and Zhu, Li-Xing and others},
  journal={The Annals of Statistics},
  volume={33},
  number={3},
  pages={1048--1083},
  year={2005},
  publisher={Institute of Mathematical Statistics}
}

@article{ma2013doubly,
  title={Doubly robust and efficient estimators for heteroscedastic partially linear single-index models allowing high dimensional covariates},
  author={Ma, Yanyuan and Zhu, Liping},
  journal={Journal of the Royal Statistical Society: Series B (Statistical Methodology)},
  volume={75},
  number={2},
  pages={305--322},
  year={2013},
  publisher={Wiley Online Library}
}

@article{yu2002penalized,
  title={Penalized spline estimation for partially linear single-index models},
  author={Yu, Yan and Ruppert, David},
  journal={Journal of the American Statistical Association},
  volume={97},
  number={460},
  pages={1042--1054},
  year={2002},
  publisher={Taylor \& Francis}
}


@article{phillips2017estimating,
  title={Estimating smooth structural change in cointegration models},
  author={Phillips, Peter CB and Li, Degui and Gao, Jiti},
  journal={Journal of Econometrics},
  volume={196},
  number={1},
  pages={180--195},
  year={2017},
  publisher={Elsevier}
}

@article{welch2008comprehensive,
  title={A comprehensive look at the empirical performance of equity premium prediction},
  author={Welch, Ivo and Goyal, Amit},
  journal={The Review of Financial Studies},
  volume={21},
  number={4},
  pages={1455--1508},
  year={2008},
  publisher={Society for Financial Studies}
}


@article{whittington1990fertility,
  title={Fertility and the personal exemption: implicit pronatalist policy in the United States},
  author={Whittington, Leslie A and Alm, James and Peters, H Elizabeth},
  journal={The American Economic Review},
  volume={80},
  number={3},
  pages={545--556},
  year={1990},
  publisher={JSTOR}
}

@article{crump2011fertility,
	title={Fertility and the personal exemption: comment},
	author={Crump, Richard and Goda, Gopi Shah and Mumford, Kevin J},
	journal={American Economic Review},
	volume={101},
	number={4},
	pages={1616--28},
	year={2011}
}


@techreport{edgerton2006simple,
	title={Simple tests for cointegration in dependent panels with structural breaks},
	author={Edgerton, D and Westerlund, J},
	year={2006},
	institution={mimeo}
}

@article{arai2007testing,
	title={Testing for the null hypothesis of cointegration with a structural break},
	author={Arai, Yoichi and Kurozumi, Eiji},
	journal={Econometric Reviews},
	volume={26},
	number={6},
	pages={705--739},
	year={2007},
	publisher={Taylor \& Francis}
}

@article{saikkonen2000testing,
	title={Testing for the cointegrating rank of a VAR process with structural shifts},
	author={Saikkonen, Pentti and L{\"u}tkepohl, Helmut},
	journal={Journal of business \& economic statistics},
	volume={18},
	number={4},
	pages={451--464},
	year={2000},
	publisher={Taylor \& Francis Group}
}

@article{phillips2001trending,
	title={Trending time series and macroeconomic activity: Some present and future challenges},
	author={Phillips, Peter CB},
	journal={Journal of Econometrics},
	volume={100},
	number={1},
	pages={21--27},
	year={2001},
	publisher={Elsevier}
}


@article{cai2007trending,
	title={Trending time-varying coefficient time series models with serially correlated errors},
	author={Cai, Zongwu},
	journal={Journal of Econometrics},
	volume={136},
	number={1},
	pages={163--188},
	year={2007},
	publisher={Elsevier}
}

@article{gauthier1997family,
  title={Family benefits and fertility: An econometric analysis},
  author={Gauthier, Anne Helene and Hatzius, Jan},
  journal={Population studies},
  volume={51},
  number={3},
  pages={295--306},
  year={1997},
  publisher={Taylor \& Francis}
}

@article{huang2002personal,
  title={Personal tax exemption: The effect on fertility in Taiwan},
  author={HUANG, Jr-Tsung},
  journal={The Developing Economies},
  volume={40},
  number={1},
  pages={32--48},
  year={2002},
  publisher={Wiley Online Library}
}

@article{milligan2005subsidizing,
  title={Subsidizing the stork: New evidence on tax incentives and fertility},
  author={Milligan, Kevin},
  journal={Review of Economics and statistics},
  volume={87},
  number={3},
  pages={539--555},
  year={2005},
  publisher={MIT Press}
}

@techreport{cohen2007financial,
  title={Do financial incentives affect fertility?},
  author={Cohen, Alma and Dehejia, Rajeev and Romanov, Dmitri},
  year={2007},
  institution={National Bureau of Economic Research}
}

@article{arai2007testing,
  title={Testing for the null hypothesis of cointegration with a structural break},
  author={Arai, Yoichi and Kurozumi, Eiji},
  journal={Econometric Reviews},
  volume={26},
  number={6},
  pages={705--739},
  year={2007},
  publisher={Taylor \& Francis}
}

@article{westerlund2007new,
  title={New improved tests for cointegration with structural breaks},
  author={Westerlund, Joakim and Edgerton, David L},
  journal={Journal of time series Analysis},
  volume={28},
  number={2},
  pages={188--224},
  year={2007},
  publisher={Wiley Online Library}
}

@article{fan2005profile,
  title={Profile likelihood inferences on semiparametric varying-coefficient partially linear models},
  author={Fan, Jianqing and Huang, Tao and others},
  journal={Bernoulli},
  volume={11},
  number={6},
  pages={1031--1057},
  year={2005},
  publisher={Bernoulli Society for Mathematical Statistics and Probability}
}

@techreport{bybee2020structure,
  title={The Structure of Economic News},
  author={Bybee, Leland and Kelly, Bryan T and Manela, Asaf and Xiu, Dacheng},
  year={2020},
  institution={National Bureau of Economic Research}
}

@article{blei2003latent,
  title={Latent dirichlet allocation},
  author={Blei, David M and Ng, Andrew Y and Jordan, Michael I},
  journal={Journal of machine Learning research},
  volume={3},
  number={Jan},
  pages={993--1022},
  year={2003}
}

@article{cai2017simple,
  title={A simple nonlinear predictive model for stock returns},
  author={Cai, Biqing and Gao, Jiti},
  journal={Available at SSRN 3051006},
  year={2017}
}


@article{park2001nonlinear,
  title={Nonlinear regressions with integrated time series},
  author={Park, Joon Y and Phillips, Peter CB},
  journal={Econometrica},
  volume={69},
  number={1},
  pages={117--161},
  year={2001},
  publisher={Wiley Online Library}
}

@article{li2016estimation,
  title={Estimation in nonlinear regression with Harris recurrent Markov chains},
  author={Li, Degui and Tj{\o}stheim, Dag and Gao, Jiti and others},
  journal={The Annals of Statistics},
  volume={44},
  number={5},
  pages={1957--1987},
  year={2016},
  publisher={Institute of Mathematical Statistics}
}


@article{lopoo2012natalist,
  title={Natalist Policies in the U nited S tates},
  author={Lopoo, Leonard M and Raissian, Kerri M},
  journal={Journal of Policy Analysis and Management},
  volume={31},
  number={4},
  pages={905--946},
  year={2012},
  publisher={Wiley Online Library}
}

@article{baughman2003did,
  title={Did expanding the eitc promote motherhood?},
  author={Baughman, Reagan and Dickert-Conlin, Stacy},
  journal={American Economic Review},
  volume={93},
  number={2},
  pages={247--251},
  year={2003}
}

@article{georgellis1992fertility,
  title={The fertility effect of dependent tax exemptions: Estimates for the United States},
  author={Georgellis, Yannis and Wall, Howard J},
  journal={Applied Economics},
  volume={24},
  number={10},
  pages={1139--1145},
  year={1992},
  publisher={Taylor \& Francis}
}

@article{zhang1994effect,
  title={The effect of tax-transfer policies on fertility in Canada, 1921-88},
  author={Zhang, Junsen and Quan, Jason and Van Meerbergen, Peter},
  journal={Journal of human Resources},
  pages={181--201},
  year={1994},
  publisher={JSTOR}
}

@article{gauthier1997family,
  title={Family benefits and fertility: An econometric analysis},
  author={Gauthier, Anne Helene and Hatzius, Jan},
  journal={Population studies},
  volume={51},
  number={3},
  pages={295--306},
  year={1997},
  publisher={Taylor \& Francis}
}

@article{huang2002personal,
  title={Personal tax exemption: The effect on fertility in Taiwan},
  author={Huang, Jr-Tsung},
  journal={The Developing Economies},
  volume={40},
  number={1},
  pages={32--48},
  year={2002},
  publisher={Wiley Online Library}
}

@article{milligan2005subsidizing,
  title={Subsidizing the stork: New evidence on tax incentives and fertility},
  author={Milligan, Kevin},
  journal={Review of Economics and statistics},
  volume={87},
  number={3},
  pages={539--555},
  year={2005},
  publisher={MIT Press}
}

@article{laroque2008does,
  title={Does fertility respond to financial incentives?},
  author={Laroque, Guy and Salani{\'e}, Bernard},
  year={2008},
  publisher={CESifo Working Paper Series}
}

@article{cohen2013financial,
  title={Financial incentives and fertility},
  author={Cohen, Alma and Dehejia, Rajeev and Romanov, Dmitri},
  journal={Review of Economics and Statistics},
  volume={95},
  number={1},
  pages={1--20},
  year={2013},
  publisher={MIT Press}
}


@article{parent2007tax,
  title={Tax Incentives and Fertility in Canada: quantum vs tempo effects},
  author={Parent, Daniel and Wang, Ling},
  journal={Canadian Journal of Economics/Revue canadienne d'{\'e}conomique},
  volume={40},
  number={2},
  pages={371--400},
  year={2007},
  publisher={Wiley Online Library}
}

@article{lalumia2015new,
  title={New evidence on taxes and the timing of birth},
  author={LaLumia, Sara and Sallee, James M and Turner, Nicholas},
  journal={American Economic Journal: Economic Policy},
  volume={7},
  number={2},
  pages={258--93},
  year={2015}
}

@article{riphahn2017fertility,
  title={Fertility effects of child benefits},
  author={Riphahn, Regina T and Wiynck, Frederik},
  journal={Journal of Population Economics},
  volume={30},
  number={4},
  pages={1135--1184},
  year={2017},
  publisher={Springer}
}

@article{edin2014tax,
  title={Tax code knowledge and behavioral responses among EITC recipients: Policy insights from qualitative data},
  author={Edin, Katharine and Tach, Laura and Halpern-Meekin, Sarah},
  journal={Journal of Policy Analysis and Management},
  volume={33},
  number={2},
  pages={413--439},
  year={2014},
  publisher={Wiley Online Library}
}

@article{park1988statistical,
  title={Statistical inference in regressions with integrated processes: Part 1},
  author={Park, Joon Y and Phillips, Peter CB},
  journal={Econometric Theory},
  volume={4},
  number={3},
  pages={468--497},
  year={1988},
  publisher={Cambridge University Press}
}

@article{phillips1991optimal,
  title={Optimal inference in cointegrated systems},
  author={Phillips, Peter CB},
  journal={Econometrica: Journal of the Econometric Society},
  pages={283--306},
  year={1991},
  publisher={JSTOR}
}

@article{park1999asymptotics,
  title={Asymptotics for nonlinear transformations of integrated time series},
  author={Park, Joon Y and Phillips, Peter CB},
  journal={Econometric Theory},
  volume={15},
  number={3},
  pages={269--298},
  year={1999},
  publisher={Cambridge University Press}
}

@article{wang2009asymptotic,
  title={Asymptotic theory for local time density estimation and nonparametric cointegrating regression},
  author={Wang, Qiying and Phillips, Peter CB},
  journal={Econometric Theory},
  volume={25},
  number={3},
  pages={710--738},
  year={2009},
  publisher={Cambridge University Press}
}

@article{wang2009structural,
  title={Structural nonparametric cointegrating regression},
  author={Wang, Qiying and Phillips, Peter CB},
  journal={Econometrica},
  volume={77},
  number={6},
  pages={1901--1948},
  year={2009},
  publisher={Wiley Online Library}
}

@article{lanne2002comparison,
  title={Comparison of unit root tests for time series with level shifts},
  author={Lanne, Markku and L{\"u}tkepohl, Helmut and Saikkonen, Pentti},
  journal={Journal of time series analysis},
  volume={23},
  number={6},
  pages={667--685},
  year={2002},
  publisher={Wiley Online Library}
}

@article{liu1988bootstrap,
  title={Bootstrap procedures under some non-iid models},
  author={Liu, Regina Y and others},
  journal={The annals of statistics},
  volume={16},
  number={4},
  pages={1696--1708},
  year={1988},
  publisher={Institute of Mathematical Statistics}
}

@article{mammen1993bootstrap,
  title={Bootstrap and wild bootstrap for high dimensional linear models},
  author={Mammen, Enno},
  journal={The annals of statistics},
  pages={255--285},
  year={1993},
  publisher={JSTOR}
}

@article{breitung2001rank,
  title={Rank tests for nonlinear cointegration},
  author={Breitung, J{\"o}rg},
  journal={Journal of Business \& Economic Statistics},
  volume={19},
  number={3},
  pages={331--340},
  year={2001},
  publisher={Taylor \& Francis}
}

@article{gilchrist2019trade,
  title={Trade Exposure and the Evolution of Inflation Dynamics},
  author={Gilchrist, Simon and Zakrajsek, Egon},
  year={2019},
  publisher={FEDS Working Paper}
}

@article{martin2000us,
  title={US deficit sustainability: A new approach based on multiple endogenous breaks},
  author={Martin, Gael M},
  journal={Journal of applied econometrics},
  volume={15},
  number={1},
  pages={83--105},
  year={2000},
  publisher={Wiley Online Library}
}


@article{zhou2018semiparametric,
  title={Semiparametric Single-index Predictive Regression},
  author={Zhou, Weilun and Gao, Jiti and Kew, Hsein and Harris, David},
  journal={Available at SSRN 3214042},
  year={2018}
}

@book{revuz2013continuous,
  title={Continuous martingales and Brownian motion},
  author={Revuz, Daniel and Yor, Marc},
  volume={293},
  year={2013},
  publisher={Springer Science \& Business Media}
}

@article{kostakis2015robust,
  title={Robust econometric inference for stock return predictability},
  author={Kostakis, Alexandros and Magdalinos, Tassos and Stamatogiannis, Michalis P},
  journal={The Review of Financial Studies},
  volume={28},
  number={5},
  pages={1506--1553},
  year={2015},
  publisher={Oxford University Press}
}

@article{abhyankar1997uncovering,
  title={Uncovering nonlinear structure in real-time stock-market indexes: the S\&P 500, the DAX, the Nikkei 225, and the FTSE-100},
  author={Abhyankar, Abhay and Copeland, Laurence S and Wong, Woon},
  journal={Journal of Business \& Economic Statistics},
  volume={15},
  number={1},
  pages={1--14},
  year={1997},
  publisher={Taylor \& Francis}
}

@article{campbell2004caught,
  title={Caught on tape: Predicting institutional ownership with order flow},
  author={Campbell, John Y and Vuolteenaho, Tuomo and Ramadorai, Tarun},
  journal={Harvard Institute of Economic Research Discussion Paper},
  number={2046},
  year={2004}
}

@article{ang2007stock,
  title={Stock return predictability: Is it there?},
  author={Ang, Andrew and Bekaert, Geert},
  journal={The Review of Financial Studies},
  volume={20},
  number={3},
  pages={651--707},
  year={2007},
  publisher={Oxford University Press}
}

@article{pesaran1995predictability,
  title={Predictability of stock returns: Robustness and economic significance},
  author={Pesaran, M Hashem and Timmermann, Allan},
  journal={The Journal of Finance},
  volume={50},
  number={4},
  pages={1201--1228},
  year={1995},
  publisher={Wiley Online Library}
}

@article{fama1989business,
  title={Business conditions and expected returns on stocks and bonds},
  author={Fama, Eugene F and French, Kenneth R},
  journal={Journal of financial economics},
  volume={25},
  number={1},
  pages={23--49},
  year={1989},
  publisher={North-Holland}
}

@article{campbell1987stock,
  title={Stock returns and the term structure},
  author={Campbell, John Y},
  journal={Journal of financial economics},
  volume={18},
  number={2},
  pages={373--399},
  year={1987},
  publisher={Elsevier}
}

@article{lamont1998earnings,
  title={Earnings and expected returns},
  author={Lamont, Owen},
  journal={The journal of Finance},
  volume={53},
  number={5},
  pages={1563--1587},
  year={1998},
  publisher={Wiley Online Library}
}

@article{dong2019series,
  title={Series estimation for single-index models under constraints},
  author={Dong, Chaohua and Gao, Jiti and Peng, Bin},
  journal={Australian \& New Zealand Journal of Statistics},
  volume={61},
  number={3},
  pages={299--335},
  year={2019},
  publisher={Wiley Online Library}
}

@article{qi1999nonlinear,
  title={Nonlinear predictability of stock returns using financial and economic variables},
  author={Qi, Min},
  journal={Journal of Business \& Economic Statistics},
  volume={17},
  number={4},
  pages={419--429},
  year={1999},
  publisher={Taylor \& Francis}
}

@article{amihud2008multiple,
  title={Multiple-predictor regressions: Hypothesis testing},
  author={Amihud, Yakov and Hurvich, Clifford M and Wang, Yi},
  journal={The Review of Financial Studies},
  volume={22},
  number={1},
  pages={413--434},
  year={2008},
  publisher={Society for Financial Studies}
}

@article{ferson1996measuring,
  title={Measuring fund strategy and performance in changing economic conditions},
  author={Ferson, Wayne E and Schadt, Rudi W},
  journal={The Journal of finance},
  volume={51},
  number={2},
  pages={425--461},
  year={1996},
  publisher={Wiley Online Library}
}

@article{campbell2008predicting,
  title={Predicting excess stock returns out of sample: Can anything beat the historical average?},
  author={Campbell, John Y and Thompson, Samuel B},
  journal={The Review of Financial Studies},
  volume={21},
  number={4},
  pages={1509--1531},
  year={2008},
  publisher={Society for Financial Studies}
}

@article{cheng2019nonparametric,
  title={Nonparametric Predictive Regressions for Stock Return Prediction},
  author={Cheng, Tingting and Gao, Jiti and Linton, Oliver},
  year={2019},
  publisher={Faculty of Economics}
}

@article{lettau2001consumption,
  title={Consumption, aggregate wealth, and expected stock returns},
  author={Lettau, Martin and Ludvigson, Sydney},
  journal={the Journal of Finance},
  volume={56},
  number={3},
  pages={815--849},
  year={2001},
  publisher={Wiley Online Library}
}

@book{horowitz2012semiparametric,
  title={Semiparametric methods in econometrics},
  author={Horowitz, Joel L},
  volume={131},
  year={2012},
  publisher={Springer Science \& Business Media}
}

@article{phillips2015halbert,
  title={Halbert white jr. memorial jfec lecture: Pitfalls and possibilities in predictive regression},
  author={Phillips, Peter CB},
  journal={Journal of Financial Econometrics},
  volume={13},
  number={3},
  pages={521--555},
  year={2015},
  publisher={Oxford University Press}
}

@article{fama1981stock,
  title={Stock returns, real activity, inflation, and money},
  author={Fama, Eugene F},
  journal={The American economic review},
  volume={71},
  number={4},
  pages={545--565},
  year={1981},
  publisher={JSTOR}
}

@article{fama1990stock,
  title={Stock returns, expected returns, and real activity},
  author={Fama, Eugene F},
  journal={The journal of finance},
  volume={45},
  number={4},
  pages={1089--1108},
  year={1990},
  publisher={Wiley Online Library}
}

@article{campbell1988stock,
  title={Stock prices, earnings, and expected dividends},
  author={Campbell, John Y and Shiller, Robert J},
  journal={The Journal of Finance},
  volume={43},
  number={3},
  pages={661--676},
  year={1988},
  publisher={Wiley Online Library}
}

@article{wooldridge1994estimation,
  title={Estimation and inference for dependent processes},
  author={Wooldridge, Jeffrey M},
  journal={Handbook of econometrics},
  volume={4},
  pages={2639--2738},
  year={1994},
  publisher={Elsevier}
}

@article{andrews1995nonlinear,
  title={Nonlinear econometric models with deterministically trending variables},
  author={Andrews, Donald WK and McDermott, C John},
  journal={The Review of Economic Studies},
  volume={62},
  number={3},
  pages={343--360},
  year={1995},
  publisher={Wiley-Blackwell}
}

@article{park2002nonstationary,
  title={Nonstationary nonlinear heteroskedasticity},
  author={Park, Joon Y},
  journal={Journal of econometrics},
  volume={110},
  number={2},
  pages={383--415},
  year={2002},
  publisher={Elsevier}
}

@article{chung2007nonstationary,
  title={Nonstationary nonlinear heteroskedasticity in regression},
  author={Chung, Heetaik and Park, Joon Y},
  journal={Journal of Econometrics},
  volume={137},
  number={1},
  pages={230--259},
  year={2007},
  publisher={Elsevier}
}

@article{kothari1997book,
  title={Book-to-market, dividend yield, and expected market returns: A time-series analysis},
  author={Kothari, Smitu P and Shanken, Jay},
  journal={Journal of Financial economics},
  volume={44},
  number={2},
  pages={169--203},
  year={1997},
  publisher={Elsevier}
}

@article{cochrane2011presidential,
  title={Presidential address: Discount rates},
  author={Cochrane, John H},
  journal={The Journal of finance},
  volume={66},
  number={4},
  pages={1047--1108},
  year={2011},
  publisher={Wiley Online Library}
}

@article{choi2016reexamination,
  title={A reexamination of stock return predictability},
  author={Choi, Yongok and Jacewitz, Stefan and Park, Joon Y},
  journal={Journal of Econometrics},
  volume={192},
  number={1},
  pages={168--189},
  year={2016},
  publisher={Elsevier}
}

@article{stock2007has,
  title={Why has US inflation become harder to forecast?},
  author={Stock, James H and Watson, Mark W},
  journal={Journal of Money, Credit and banking},
  volume={39},
  pages={3--33},
  year={2007},
  publisher={Wiley Online Library}
}

@article{park2000nonstationary,
  title={Nonstationary binary choice},
  author={Park, Joon Y and Phillips, Peter CB},
  journal={Econometrica},
  volume={68},
  number={5},
  pages={1249--1280},
  year={2000},
  publisher={Wiley Online Library}
}

@article{park1989statistical,
  title={Statistical inference in regressions with integrated processes: Part 2},
  author={Park, Joon Y and Phillips, Peter CB},
  journal={Econometric Theory},
  pages={95--131},
  year={1989},
  publisher={JSTOR}
}

@article{chang2001nonlinear,
  title={Nonlinear econometric models with cointegrated and deterministically trending regressors},
  author={Chang, Yoosoon and Park, Joon Y and Phillips, Peter CB},
  journal={The Econometrics Journal},
  volume={4},
  number={1},
  pages={1--36},
  year={2001},
  publisher={Wiley Online Library}
}

@article{campbell1988dividend,
  title={The dividend-price ratio and expectations of future dividends and discount factors},
  author={Campbell, John Y and Shiller, Robert J},
  journal={The Review of Financial Studies},
  volume={1},
  number={3},
  pages={195--228},
  year={1988},
  publisher={Oxford University Press}
}

@article{nelson1993predictable,
  title={Predictable stock returns: The role of small sample bias},
  author={Nelson, Charles R and Kim, Myung J},
  journal={The Journal of Finance},
  volume={48},
  number={2},
  pages={641--661},
  year={1993},
  publisher={Wiley Online Library}
}

@article{stambaugh1999predictive,
  title={Predictive regressions},
  author={Stambaugh, Robert F},
  journal={Journal of Financial Economics},
  volume={54},
  number={3},
  pages={375--421},
  year={1999},
  publisher={Elsevier}
}

@article{goyal2003predicting,
  title={Predicting the equity premium with dividend ratios},
  author={Goyal, Amit and Welch, Ivo},
  journal={Management Science},
  volume={49},
  number={5},
  pages={639--654},
  year={2003},
  publisher={INFORMS}
}

@article{lettau2008reconciling,
  title={Reconciling the return predictability evidence: The review of financial studies: Reconciling the return predictability evidence},
  author={Lettau, Martin and Van Nieuwerburgh, Stijn},
  journal={The Review of Financial Studies},
  volume={21},
  number={4},
  pages={1607--1652},
  year={2008},
  publisher={Oxford University Press}
}

@article{ludvigson2007empirical,
  title={The empirical risk--return relation: A factor analysis approach},
  author={Ludvigson, Sydney C and Ng, Serena},
  journal={Journal of Financial Economics},
  volume={83},
  number={1},
  pages={171--222},
  year={2007},
  publisher={Elsevier}
}

@article{farmer2019pockets,
  title={Pockets of predictability},
  author={Farmer, Leland and Schmidt, Lawrence and Timmermann, Allan},
  journal={Available at SSRN 3152386},
  year={2019}
}

@article{demetrescu2020testing,
  title={Testing for episodic predictability in stock returns},
  author={Demetrescu, Matei and Georgiev, Iliyan and Rodrigues, Paulo MM and Taylor, AM Robert},
  journal={Journal of Econometrics},
  year={2020},
  publisher={Elsevier}
}

@article{campbell2006efficient,
  title={Efficient tests of stock return predictability},
  author={Campbell, John Y and Yogo, Motohiro},
  journal={Journal of financial economics},
  volume={81},
  number={1},
  pages={27--60},
  year={2006},
  publisher={Elsevier}
}

@article{cavanagh1995inference,
  title={Inference in models with nearly integrated regressors},
  author={Cavanagh, Christopher L and Elliott, Graham and Stock, James H},
  journal={Econometric theory},
  pages={1131--1147},
  year={1995},
  publisher={JSTOR}
}


@article{lee2015forecasting,
  title={Forecasting equity premium: Global historical average versus local historical average and constraints},
  author={Lee, Tae-Hwy and Tu, Yundong and Ullah, Aman},
  journal={Journal of Business \& Economic Statistics},
  volume={33},
  number={3},
  pages={393--402},
  year={2015},
  publisher={Taylor \& Francis}
}

@article{chen2016predictability,
  title={Predictability of equity returns over different time horizons: a nonparametric approach},
  author={Chen, Qingqing and Hong, Yongmiao},
  journal={Available at SSRN 3390982},
  year={2016}
}

@article{chen2009predictability,
  title={Predictability of Equity Returns over Different Time Horizons: A Nonparametric Approach (Preliminary Version)},
  author={Chen, Qingqing and Hong, Yongmiao},
  year={2009},
  publisher={Citeseer}
}

@article{paye2006instability,
  title={Instability of return prediction models},
  author={Paye, Bradley S and Timmermann, Allan},
  journal={Journal of Empirical Finance},
  volume={13},
  number={3},
  pages={274--315},
  year={2006},
  publisher={Elsevier}
}

@article{rapach2006sample,
  title={In-sample vs. out-of-sample tests of stock return predictability in the context of data mining},
  author={Rapach, David E and Wohar, Mark E},
  journal={Journal of Empirical Finance},
  volume={13},
  number={2},
  pages={231--247},
  year={2006},
  publisher={Elsevier}
}

@article{chen2012testing,
  title={Testing for smooth structural changes in time series models via nonparametric regression},
  author={Chen, Bin and Hong, Yongmiao},
  journal={Econometrica},
  volume={80},
  number={3},
  pages={1157--1183},
  year={2012},
  publisher={Wiley Online Library}
}

@article{dangl2012predictive,
  title={Predictive regressions with time-varying coefficients},
  author={Dangl, Thomas and Halling, Michael},
  journal={Journal of Financial Economics},
  volume={106},
  number={1},
  pages={157--181},
  year={2012},
  publisher={Elsevier}
}

@article{johannes2014sequential,
  title={Sequential learning, predictability, and optimal portfolio returns},
  author={Johannes, Michael and Korteweg, Arthur and Polson, Nicholas},
  journal={The Journal of Finance},
  volume={69},
  number={2},
  pages={611--644},
  year={2014},
  publisher={Wiley Online Library}
}


@article{chang2003index,
  title={Index models with integrated time series},
  author={Chang, Yoosoon and Park, Joon Y},
  journal={Journal of Econometrics},
  volume={114},
  number={1},
  pages={73--106},
  year={2003},
  publisher={Elsevier}
}

@article{koo2020high,
  title={High-dimensional predictive regression in the presence of cointegration},
  author={Koo, Bonsoo and Anderson, Heather M and Seo, Myung Hwan and Yao, Wenying},
  journal={Journal of Econometrics},
  year={2020},
  publisher={Elsevier}
}

@article{lee2018lasso,
  title={On LASSO for predictive regression},
  author={Lee, Ji Hyung and Shi, Zhentao and Gao, Zhan},
  journal={arXiv preprint arXiv:1810.03140},
  year={2018}
}

@article{xu2016testing,
  title={Testing for return predictability with co-moving predictors of unknown form},
  author={Xu, Ke-Li},
  journal={Available at SSRN 3177313},
  year={2016}
}

@article{xia1999extended,
  title={On extended partially linear single-index models},
  author={Xia, Yingcun and Tong, Howell and Li, Wai Keung},
  journal={Biometrika},
  volume={86},
  number={4},
  pages={831--842},
  year={1999},
  publisher={Oxford University Press}
}

